@online{datadump,
    author = "StackExchange",
    title = "Stack Exchange Data Dump",
    url  = "https://archive.org/details/stackexchange",
}

@online{survey,
    author = "StackOverflow",
    title = "Stack Overflow Annual Developer Survey",
    url  = "https://insights.stackoverflow.com/survey/",
}

@online{tiobe,
    author = "TIOBE",
    title = "TIOBE Index",
    url  = "https://www.tiobe.com/tiobe-index/",
}

@book{rank,
  title     = {Rank correlation methods},
  author    = {Maurice George Kendall},
  year      = {1948},
}

@inproceedings{sbd,
  title={k-shape: Efficient and accurate clustering of time series},
  author={Paparrizos, John and Gravano, Luis},
  booktitle={Proceedings of the 2015 ACM SIGMOD International Conference on Management of Data},
  pages={1855--1870},
  year={2015},
  organization={ACM}
}

@article{cluster,
  title={Comparing time-series clustering algorithms in r using the dtwclust package},
  author={Sard{\'a}-Espinosa, Alexis},
  journal={Vienna: R Development Core Team},
  year={2017}
}

@article{rank,
  title={Rank correlation methods.},
  author={Kendall, Maurice George},
  year={1948},
  publisher={Griffin}
}

@article{SOtalking,
  title={What are developers talking about? an analysis of topics and trends in stack overflow},
  author={Barua, Anton and Thomas, Stephen W and Hassan, Ahmed E},
  journal={Empirical Software Engineering},
  volume={19},
  number={3},
  pages={619--654},
  year={2014},
  publisher={Springer}
}

@inproceedings{progquestions,
  title={How do programmers ask and answer questions on the web?: Nier track},
  author={Treude, Christoph and Barzilay, Ohad and Storey, Margaret-Anne},
  booktitle={2011 33rd International Conference on Software Engineering (ICSE)},
  pages={804--807},
  year={2011},
  organization={IEEE}
}

@article{jobanalyze,
  title={Analyzing computer programming job trend using web data mining},
  author={Smith, David and Ali, Azad},
  journal={Issues in Informing Science and Information Technology},
  volume={11},
  number={1},
  pages={203--214},
  year={2014}
}

--
EOF
